% This file was created with JabRef 2.9.2.
% Encoding: Cp1252

@ARTICLE{Apperley2006,
  author = {Apperley, Thomas H.},
  title = {Genre and Game Studies: Toward a Critical Approach to Video Game
	Genres},
  journal = {Simul. Gaming},
  year = {2006},
  volume = {37},
  pages = {6--23},
  number = {1},
  month = mar,
  acmid = {1167602},
  address = {Thousand Oaks, CA, USA},
  doi = {10.1177/1046878105282278},
  issn = {1046-8781},
  issue_date = {March 2006},
  keywords = {genre, interactivity, remediation, video game},
  numpages = {18},
  publisher = {Sage Publications, Inc.},
  url = {http://dx.doi.org/10.1177/1046878105282278}
}

@ARTICLE{,
  author = {Maria Arinbjarnar and Daniel Kudenko},
  title = {Directed Emergent Drama vs. Pen \& Paper Role-Playing Games},
  abstract = {- Vergleicht Pen&Paper mit Computergames und zeigt die Schwachpunkte
	bei Computern auf
	
	 - Zeigt auf, dass DED ein paar dieser Schwachpunkte lösen kann},
  owner = {FlorianUhde},
  timestamp = {2014.01.04}
}

@ARTICLE{,
  author = {Maria Arinbjarnar and Daniel Kudenko},
  title = {Schemas in Directed Emergent Drama},
  abstract = {- describes DEDs},
  owner = {FlorianUhde},
  timestamp = {2014.01.04}
}

@ARTICLE{,
  author = {Maria Arinbjarnar and Daniel Kudenko},
  title = {Qualifying Dissertation Directed Emergent Drama},
  abstract = {Schemas in Second Life für Mord-Drama verwendet},
  owner = {FlorianUhde},
  timestamp = {2014.01.04}
}

@INPROCEEDINGS{Tychsen2006,
  author = {Tychsen, Anders and Smith, Jonas Heide and Hitchens, Michael and
	Tosca, Susana},
  title = {Communication in Multi-player Role Playing Games - the Effect of
	Medium},
  booktitle = {Proceedings of the Third International Conference on Technologies
	for Interactive Digital Storytelling and Entertainment},
  year = {2006},
  series = {TIDSE'06},
  pages = {277--288},
  address = {Berlin, Heidelberg},
  publisher = {Springer-Verlag},
  acmid = {2175770},
  doi = {10.1007/11944577_28},
  isbn = {3-540-49934-2, 978-3-540-49934-3},
  keywords = {communication, computer-mediated communication, narrative, player
	behaviour, role-playing games},
  location = {Darmstadt, Germany},
  numpages = {12},
  url = {http://dx.doi.org/10.1007/11944577_28}
}

@ARTICLE{,
  title = {The Quest Problem in Computer Games},
  abstract = {- Autor hat Ziel des Interaktiven Quest erstellens mit Bezug auf Pen&Paper
	(Einleitung)
	
	 - enthält schlechte Quellenangeben - z.T. nicht nachverfolgbar
	
	 - Anscheinend gibt es viel Paper zum Thema "Was ist ein Quest?"
	
	 - Kaptiel 3.3 enthält interessante Grundlagen. Vor allem die Linearität
	vs. Openes der Story..},
  owner = {FlorianUhde},
  timestamp = {2014.01.04}
}

@ARTICLE{,
  title = {Managing Emergent Character-Based Narrative},
  abstract = {- Automatisiere GameMaster?
	
	 - Story managment: Chrackterbased, Plotbased, Repairing plans, ..
	
	 - Wie autonom kann ein Charakter sein ohne die Story zu stören
	
	 - Part 3 Referenziert sehr viel, was nützlich sein könnte
	
	 - Neuplanungs- und Reparaturflexibilität durch GM
	
	 - Emotionsbasierte Entscheidungen: Nicht nur Zielorientierte sondern
	Stroy orientierte Agenten},
  owner = {FlorianUhde},
  timestamp = {2014.01.04}
}

